<?xml version="1.0" encoding="UTF-8"?>
<collection xmlns:xsi="http://www.w3.org/2001/XMLSchema-instance" xsi:schemaLocation="http://www.loc.gov/MARC21/slim http://www.loc.gov/standards/marcxml/schema/MARC21slim.xsd" xmlns="http://www.loc.gov/MARC21/slim">
<record>
  <leader>00975cam a2200277 a 4500</leader>
  <controlfield tag="001">2871990</controlfield>
  <controlfield tag="003">NNC</controlfield>
  <controlfield tag="005">20130425234841.0</controlfield>
  <controlfield tag="008">890514s1937    sy c          000 0 arar </controlfield>
  <datafield tag="010" ind1=" " ind2=" ">
    <subfield code="a">ne 68000017 </subfield>
  </datafield>
  <datafield tag="035" ind1=" " ind2=" ">
    <subfield code="a">(OCoLC)ocm23497115</subfield>
  </datafield>
  <datafield tag="035" ind1=" " ind2=" ">
    <subfield code="9">ASA6580CU</subfield>
  </datafield>
  <datafield tag="035" ind1=" " ind2=" ">
    <subfield code="a">(NNC)2871990</subfield>
  </datafield>
  <datafield tag="040" ind1=" " ind2=" ">
    <subfield code="a">DLC</subfield>
    <subfield code="c">EYM</subfield>
    <subfield code="d">OSU</subfield>
    <subfield code="d">ZCU</subfield>
  </datafield>
  <datafield tag="050" ind1="0" ind2=" ">
    <subfield code="a">BP80.M825</subfield>
    <subfield code="b">A43</subfield>
  </datafield>
  <datafield tag="090" ind1=" " ind2=" ">
    <subfield code="a">BP80.M825</subfield>
    <subfield code="b">A78</subfield>
  </datafield>
  <datafield tag="100" ind1="0" ind2=" ">
    <subfield code="a">Muḥammad Rashīd Riḍā.</subfield>
  </datafield>
  <datafield tag="245" ind1="1" ind2="3">
    <subfield code="a">al-Sayyid Rashīd Riḍā :</subfield>
    <subfield code="b">aw, Akhāʾ arbaʻīn sanah /</subfield>
    <subfield code="c">taʾlīf Shakb̄ Arslān.</subfield>
  </datafield>
  <datafield tag="246" ind1="3" ind2="0">
    <subfield code="a">Akhāʾ arbaʻīn sanah</subfield>
  </datafield>
  <datafield tag="250" ind1=" " ind2=" ">
    <subfield code="a">al-Ṭabʻah 1.</subfield>
  </datafield>
  <datafield tag="260" ind1=" " ind2=" ">
    <subfield code="a">Dimashq :</subfield>
    <subfield code="b">Maṭbaʻat Ibn Zaydūn,</subfield>
    <subfield code="c">1937.</subfield>
  </datafield>
  <datafield tag="300" ind1=" " ind2=" ">
    <subfield code="a">832 p. :</subfield>
    <subfield code="b">ports. ;</subfield>
    <subfield code="c">23 cm.</subfield>
  </datafield>
  <datafield tag="500" ind1=" " ind2=" ">
    <subfield code="a">Romanized.</subfield>
  </datafield>
  <datafield tag="500" ind1=" " ind2=" ">
    <subfield code="a">Mainly a collection of letters by Rashīd Riḍā to Shakīb Arslān, covering the period 1921-1937, with an extensive introd. by Arslān.</subfield>
  </datafield>
  <datafield tag="700" ind1="1" ind2=" ">
    <subfield code="a">Arslān, Shakīb,</subfield>
    <subfield code="c">Amīr,</subfield>
    <subfield code="d">1869-1946,</subfield>
    <subfield code="e">compiler.</subfield>
  </datafield>
  <datafield tag="955" ind1=" " ind2=" ">
    <subfield code="b">0044053126</subfield>
    <subfield code="d">glx</subfield>
    <subfield code="e">BP80.M825 A78</subfield>
  </datafield>
</record>
</collection>